<?xml version="1.0" encoding="UTF-8"?><collection xmlns="http://www.loc.gov/MARC21/slim"><record><leader>00500nam--2200193-u-4500</leader><controlfield tag="001">000050598</controlfield><controlfield tag="002">20161230</controlfield><controlfield tag="005">20161230201048</controlfield><controlfield tag="008">070926s1000------------r-----000-0-eng-d</controlfield><datafield ind1=" " ind2=" " tag="020"><subfield code="a">9971-978-70-9</subfield></datafield><datafield ind1=" " ind2=" " tag="040"><subfield code="a">IFIN - HH</subfield></datafield><datafield ind1=" " ind2=" " tag="041"><subfield code="a">eng</subfield></datafield><datafield ind1="1" ind2="0" tag="100"><subfield code="a">Wiegel,F.W</subfield></datafield><datafield ind1="1" ind2="0" tag="245"><subfield code="a">Introduction to Path-Integral Metodhs in Physics and Polymer Science</subfield></datafield><datafield ind1=" " ind2=" " tag="260"><subfield code="a">Singapore</subfield><subfield code="b">World Scientific</subfield><subfield code="c">1986</subfield></datafield><datafield ind1=" " ind2=" " tag="300"><subfield code="a">197p</subfield></datafield><datafield ind1=" " ind2="4" tag="650"><subfield code="a">Quantum Physics</subfield></datafield><datafield ind1=" " ind2=" " tag="852"><subfield code="c">517.2</subfield></datafield><datafield ind1=" " ind2=" " tag="CAT"><subfield code="a">Sys</subfield><subfield code="c">20070926</subfield><subfield code="h">135354</subfield></datafield></record></collection>